<record><leader>00000cas a2200000Ma 4500</leader><controlfield tag="001">213781020</controlfield><controlfield tag="007">hd afa013baca</controlfield><controlfield tag="007">hd bfa013baaa</controlfield><controlfield tag="007">hd bfa013baba</controlfield><controlfield tag="008">840320c19659999cu dn nea     0   b0spa d</controlfield><datafield ind1=" " ind2=" " tag="010"><subfield code="a">sn 89048448 </subfield></datafield><datafield ind1=" " ind2=" " tag="040"><subfield code="a">IXA</subfield><subfield code="b">eng</subfield><subfield code="c">CUY</subfield><subfield code="d">OCLCF</subfield><subfield code="d">OCLCO</subfield><subfield code="d">OCL</subfield><subfield code="d">CUY</subfield></datafield><datafield ind1=" " ind2=" " tag="043"><subfield code="a">nwcu---</subfield></datafield><datafield ind1="0" ind2="0" tag="050"><subfield code="a">Newspaper</subfield></datafield><datafield ind1="0" ind2="0" tag="245"><subfield code="a">Granma.</subfield></datafield><datafield ind1=" " ind2=" " tag="260"><subfield code="a">Habana :</subfield><subfield code="b">I. Maimierca,</subfield><subfield code="c">1965-</subfield></datafield><datafield ind1=" " ind2=" " tag="300"><subfield code="a">v.</subfield><subfield code="b">ill.</subfield><subfield code="c">60 cm.</subfield></datafield><datafield ind1=" " ind2=" " tag="310"><subfield code="a">Daily (except Sunday),</subfield><subfield code="b">&lt;Oct. 31, 2003&gt;</subfield></datafield><datafield ind1=" " ind2=" " tag="321"><subfield code="a">Daily,</subfield><subfield code="b">Oct. 4, 1965-Feb. 19, 1967</subfield></datafield><datafield ind1=" " ind2=" " tag="321"><subfield code="a">Daily (except Sunday),</subfield><subfield code="b">Feb. 20, 1967-&lt;Dec. 31, 1969&gt;</subfield></datafield><datafield ind1=" " ind2=" " tag="321"><subfield code="a">Daily (except Sunday and Monday),</subfield><subfield code="b">&lt;Jan. 1, 1992-&gt;</subfield></datafield><datafield ind1=" " ind2=" " tag="336"><subfield code="a">text</subfield><subfield code="b">txt</subfield><subfield code="2">rdacontent</subfield></datafield><datafield ind1=" " ind2=" " tag="337"><subfield code="a">microform</subfield><subfield code="b">h</subfield><subfield code="2">rdamedia</subfield></datafield><datafield ind1=" " ind2=" " tag="338"><subfield code="a">microfilm reel</subfield><subfield code="b">hd</subfield><subfield code="2">rdacarrier</subfield></datafield><datafield ind1="0" ind2=" " tag="362"><subfield code="a">An&#771;o 1, no. 1 (4 de oct. de 1965)-</subfield></datafield><datafield ind1=" " ind2=" " tag="500"><subfield code="a">"Organo oficial del Comite&#769; Central del Partido Comunista de Cuba."</subfield></datafield><datafield ind1=" " ind2=" " tag="533"><subfield code="a">Microfilm.</subfield><subfield code="m">1969, 2003:Dec. 12-2008:Mar. 19:[Gaps]</subfield><subfield code="b">Berkeley, Calif. :</subfield><subfield code="c">Library Photographic Service, University of California, Berkeley,</subfield><subfield code="d">2005-2016.</subfield><subfield code="e">microfilm reels ; 35 mm.</subfield></datafield><datafield ind1=" " ind2=" " tag="580"><subfield code="a">Merger of: Revolucion (Havana, Cuba), and: Hoy (Havana, Cuba).</subfield></datafield><datafield ind1=" " ind2="0" tag="650"><subfield code="a">Communism</subfield><subfield code="z">Cuba</subfield><subfield code="v">Newspapers.</subfield></datafield><datafield ind1=" " ind2="0" tag="651"><subfield code="a">Havana (Cuba)</subfield><subfield code="v">Newspapers.</subfield></datafield><datafield ind1=" " ind2="0" tag="651"><subfield code="a">Cuba</subfield><subfield code="x">Politics and government</subfield><subfield code="y">1959-</subfield><subfield code="v">Newspapers.</subfield></datafield><datafield ind1=" " ind2="7" tag="650"><subfield code="a">Communism.</subfield><subfield code="2">fast</subfield><subfield code="0">(OCoLC)fst00870421</subfield></datafield><datafield ind1=" " ind2="7" tag="650"><subfield code="a">Politics and government</subfield><subfield code="2">fast</subfield><subfield code="0">(OCoLC)fst01919741</subfield></datafield><datafield ind1=" " ind2="7" tag="651"><subfield code="a">Cuba.</subfield><subfield code="2">fast</subfield><subfield code="0">(OCoLC)fst01205805</subfield></datafield><datafield ind1=" " ind2="7" tag="651"><subfield code="a">Cuba</subfield><subfield code="z">Havana.</subfield><subfield code="2">fast</subfield><subfield code="0">(OCoLC)fst01205198</subfield></datafield><datafield ind1=" " ind2="7" tag="648"><subfield code="a">Since 1959</subfield><subfield code="2">fast</subfield></datafield><datafield ind1=" " ind2="7" tag="655"><subfield code="a">Newspapers.</subfield><subfield code="2">fast</subfield><subfield code="0">(OCoLC)fst01423814</subfield></datafield><datafield ind1="2" ind2=" " tag="710"><subfield code="a">Partido Comunista de Cuba.</subfield><subfield code="b">Comite&#769; Central.</subfield></datafield><datafield ind1=" " ind2=" " tag="752"><subfield code="a">Cuba</subfield><subfield code="d">Havana.</subfield></datafield><datafield ind1="0" ind2="8" tag="776"><subfield code="i">Print version:</subfield><subfield code="t">Granma</subfield><subfield code="w">(DLC)sn 89048448</subfield><subfield code="w">(OCoLC)8676843</subfield></datafield><datafield ind1="1" ind2=" " tag="776"><subfield code="c">Microfilm</subfield><subfield code="d">Library of Congress Preservation Microfilming Program</subfield><subfield code="w">(DLC)sn2004058079</subfield><subfield code="w">(OCoLC)2479741</subfield></datafield><datafield ind1="0" ind2="5" tag="780"><subfield code="t">Mundo (Havana, Cuba)</subfield><subfield code="g">Apr. 6, 1969</subfield><subfield code="w">(DLC)sn 89048446</subfield></datafield><datafield ind1="1" ind2="4" tag="780"><subfield code="t">Revolucion (Havana, Cuba)</subfield><subfield code="w">(DLC)sn 89048438</subfield></datafield><datafield ind1="1" ind2="4" tag="780"><subfield code="t">Hoy (Havana, Cuba)</subfield><subfield code="w">(DLC)sn 89048439</subfield></datafield></record>